<?xml version="1.0" encoding="UTF-8"?><record xmlns="http://www.loc.gov/MARC21/slim" xmlns:cinclude="http://apache.org/cocoon/include/1.0" xmlns:zs="http://www.loc.gov/zing/srw/">
  <leader>00581cz  a2200145n  4500</leader>
  <controlfield tag="001">n  83226800 </controlfield>
  <controlfield tag="003">DLC</controlfield>
  <controlfield tag="005">19940705132728.4</controlfield>
  <controlfield tag="008">831122n| acannaab|          |n aaa |||  </controlfield>
  <datafield tag="010" ind1=" " ind2=" ">
    <subfield code="a">n  83226800 </subfield>
  </datafield>
  <datafield tag="040" ind1=" " ind2=" ">
    <subfield code="a">DLC</subfield>
    <subfield code="c">DLC</subfield>
    <subfield code="d">DLC</subfield>
  </datafield>
  <datafield tag="100" ind1="1" ind2="0">
    <subfield code="a">Bott, Helmut</subfield>
  </datafield>
  <datafield tag="670" ind1=" " ind2=" ">
    <subfield code="a">His Allgemeine Betriebswirtschaftslehre, c1983- :</subfield>
    <subfield code="b">v. 2, t.p. (Dr. Helmut Bott)</subfield>
  </datafield>
  <datafield tag="670" ind1=" " ind2=" ">
    <subfield code="a">LC data base, 11-18-83</subfield>
    <subfield code="b">(hdg.: Bott, Helmut)</subfield>
  </datafield>
  <datafield tag="670" ind1=" " ind2=" ">
    <subfield code="a">Handbuch der PostoĚkonomie, c1987:</subfield>
    <subfield code="b">t.p. (Dr. Helmut Bott) p. 328 (Dr., b. 1936; Dipl.-Kfm., Prof. Fachhochschule des Bundes f. OĚff. Verw., F. Post- u. Fernmeldewesen)</subfield>
  </datafield>
</record>